
@book{ref:altland_simons,
  title = {Condensed Matter Field Theory},
  author = {Altland, Alexander and Simons, Ben},
  date = {2010},
  edition = {2nd ed},
  publisher = {{Cambridge University Press}},
  location = {{Cambridge ; New York}},
  isbn = {978-0-521-76975-4},
  pagetotal = {770},
  keywords = {Condensed matter,Field theory (Physics)}
}

@article{ref:buchdal,
  title = {General {{Relativistic Fluid Spheres}}},
  author = {Buchdahl, H. A.},
  date = {1959-11-15},
  journaltitle = {Physical Review},
  shortjournal = {Phys. Rev.},
  volume = {116},
  number = {4},
  pages = {1027--1034},
  issn = {0031-899X},
  doi = {10.1103/PhysRev.116.1027},
  url = {https://link.aps.org/doi/10.1103/PhysRev.116.1027},
  urldate = {2021-09-01},
  langid = {english}
}

@book{ref:carroll,
  title = {Spacetime and Geometry: An Introduction to General Relativity},
  shorttitle = {Spacetime and Geometry},
  author = {Carroll, Sean M.},
  date = {2019},
  publisher = {{Cambridge University Press}},
  location = {{New York}},
  abstract = {"Spacetime and Geometry is an introductory textbook on general relativity, specifically aimed at students. Using a lucid style, Carroll first covers the foundations of the theory and mathematical formalism, providing an approachable introduction to what can often be an intimidating subject. Three major applications of general relativity are then discussed: black holes, perturbation theory and gravitational waves, and cosmology. Students will learn the origin of how spacetime curves (the Einstein equation) and how matter moves through it (the geodesic equation). They will learn what black holes really are, how gravitational waves are generated and detected, and the modern view of the expansion of the universe. A brief introduction to quantum field theory in curved spacetime is also included. A student familiar with this book will be ready to tackle research-level problems in gravitational physics"--},
  isbn = {978-1-108-48839-6},
  keywords = {General relativity (Physics)}
}

@misc{ref:einstein_conservation_energy_momentum,
  title = {Einstein Field Equations},
  author = {Wikipedia},
  date = {2021-08-18},
  url = {https://en.wikipedia.org/w/index.php?title=Einstein_field_equations&oldid=1039437590}
}

@article{ref:einstein_general,
  title = {Die Grundlage der allgemeinen Relativitätstheorie},
  author = {Einstein, A.},
  date = {1916},
  journaltitle = {Annalen der Physik},
  shortjournal = {Ann. Phys.},
  volume = {354},
  number = {7},
  pages = {769--822},
  issn = {00033804, 15213889},
  doi = {10.1002/andp.19163540702},
  url = {https://onlinelibrary.wiley.com/doi/10.1002/andp.19163540702},
  urldate = {2021-09-22},
  langid = {german},
  file = {/home/herman/Zotero/storage/CBCCTVN4/Einstein - 1916 - Die Grundlage der allgemeinen Relativitätstheorie.pdf}
}

@article{ref:einstein_special,
  title = {Zur Elektrodynamik bewegter Körper},
  author = {Einstein, A.},
  date = {1905},
  journaltitle = {Annalen der Physik},
  shortjournal = {Ann. Phys.},
  volume = {322},
  number = {10},
  pages = {891--921},
  issn = {00033804, 15213889},
  doi = {10.1002/andp.19053221004},
  url = {https://onlinelibrary.wiley.com/doi/10.1002/andp.19053221004},
  urldate = {2021-09-22},
  langid = {german},
  file = {/home/herman/Zotero/storage/BK552DVJ/Einstein - 1905 - Zur Elektrodynamik bewegter Körper.pdf}
}

@online{ref:figure_parallel_transport,
  title = {Parallel {{Transport}}},
  author = {{Fred the Oyster}},
  date = {2014-03-09},
  url = {https://commons.wikimedia.org/wiki/File:Parallel_Transport.svg}
}

@online{ref:figure_tangent_space,
  title = {Image {{Tangent}}-Plane},
  author = {{BenFrantzDale}},
  date = {2007-04-28},
  url = {https://commons.wikimedia.org/wiki/File:Image_Tangent-plane.svg}
}

@article{ref:hilbert_from_lagrange,
  title = {Die Grundlagen der Physik},
  author = {Hilbert, David},
  date = {1924-03},
  journaltitle = {Mathematische Annalen},
  shortjournal = {Math. Ann.},
  volume = {92},
  number = {1-2},
  pages = {1--32},
  issn = {0025-5831, 1432-1807},
  doi = {10.1007/BF01448427},
  url = {http://link.springer.com/10.1007/BF01448427},
  urldate = {2021-09-15},
  langid = {german}
}

@book{ref:jensoluf,
  title = {Introduction to Statistical Mechanics},
  author = {Andersen, Jens O.},
  date = {2012},
  edition = {First edition},
  publisher = {{Akademika forlag}},
  location = {{Trondheim, Norway}},
  isbn = {978-82-321-0105-4},
  pagetotal = {229},
  keywords = {Statistical mechanics},
  annotation = {OCLC: ocn819631770}
}

@book{ref:kachelriess,
  title = {Quantum Fields: From the {{Hubble}} to the {{Planck Scale}}},
  shorttitle = {Quantum Fields},
  author = {Kachelriess, Michael},
  date = {2018},
  series = {Oxford Graduate Texts},
  edition = {First edition},
  publisher = {{Oxford University Press}},
  location = {{Oxford}},
  abstract = {Coherent approach leading to a more comprehensive understanding of quantum field theory and cosmology. Includes discussion of a variety of applications, has numerous worked examples and problems, and is self-contained and suitable for self study.--},
  isbn = {978-0-19-880287-7},
  pagetotal = {528},
  keywords = {Quantum field theory},
  annotation = {OCLC: on1012892403}
}

@book{ref:kapusta,
  title = {Finite-Temperature Field Theory: Principles and Applications},
  shorttitle = {Finite-Temperature Field Theory},
  author = {Kapusta, Joseph I. and Gale, Charles},
  date = {2006},
  series = {Cambridge Monographs on Mathematical Physics},
  edition = {2nd ed},
  publisher = {{Cambridge University Press}},
  location = {{Cambridge, UK ; New York}},
  isbn = {978-0-521-82082-0},
  pagetotal = {428},
  keywords = {Many-body problem,Particles (Nuclear physics),Quantum field theory},
  annotation = {OCLC: ocm61425244}
}

@book{ref:kepler1,
  title = {Astronomia {{Nova}}},
  author = {Kepler, Johannes},
  date = {1609},
  location = {{Prague}},
  url = {https://archive.org/details/Astronomianovaa00Kepl},
  urldate = {2021-01-10}
}

@book{ref:kepler2,
  title = {Harmonices {{Mundi}}},
  author = {Kepler, Johannes},
  date = {1619},
  location = {{Linz}},
  url = {https://archive.org/details/ioanniskepplerih00kepl}
}

@article{ref:le_verrier,
  title = {Comptes Rendus Hebdomadaires Des Séances de l'{{Académie}} Des Sciences},
  author = {Le Verrier, Urbain},
  date = {1859},
  volume = {49},
  pages = {379--383},
  url = {https://archive.org/details/comptesrendusheb49acad/page/378},
  urldate = {2021-09-22}
}

@misc{ref:matrix_ln_det_tr_exercise,
  title = {A {{Useful Identity Involving}} the {{Determinant}} of the {{Metric}}},
  author = {Blau, Matthias},
  date = {2009},
  url = {http://www.blau.itp.unibe.ch/GREX/0904sup.pdf},
  urldate = {2021-03-09}
}

@misc{ref:metric_taylor_expansion,
  title = {Taylor Expansion of Metric |  {{Mathematics}}@{{CUHK}}},
  author = {KKK},
  date = {2012-03-16},
  url = {https://cuhkmath.wordpress.com/2012/03/16/taylor-expansion-of-metric/},
  urldate = {2021-09-17}
}

@misc{ref:mika_gr_notes,
  title = {Lecture {{Notes}} for {{FY3452 Gravitation}} and {{Cosmology}}},
  author = {Kachelriess, M.},
  date = {2020-08-18},
  url = {http://web.phys.ntnu.no/~mika/skript_grav.pdf},
  urldate = {2020-08-26}
}

@book{ref:mtw,
  title = {Gravitation},
  author = {Misner, Charles W. and Thorne, Kip S. and Wheeler, John Archibald},
  date = {1973},
  publisher = {{W. H. Freeman}},
  location = {{San Francisco}},
  isbn = {978-0-7167-0334-1 978-0-7167-0344-0},
  pagetotal = {1279},
  keywords = {Astrophysics,General relativity (Physics),Gravitation}
}

@misc{ref:newton,
  title = {Philosophiæ Naturalis Principia Mathematica},
  author = {Newton, Isaac},
  date = {1687},
  url = {http://cudl.lib.cam.ac.uk/view/PR-ADV-B-00039-00001},
  urldate = {2021-09-22}
}

@misc{ref:sage_tov,
  title = {Tolman-{{Oppenheimer}}-{{Volkoff}} Equations},
  author = {SageManifolds},
  date = {2018-07-08},
  url = {https://nbviewer.jupyter.org/github/sagemanifolds/SageManifolds/blob/master/Worksheets/v1.3/SM_TOV.ipynb},
  urldate = {2021-08-26}
}

@book{ref:sakurai,
  title = {Modern Quantum Mechanics},
  author = {Sakurai, Jun John and Napolitano, Jim},
  date = {2021},
  edition = {3rd ed},
  publisher = {{Cambridge University Press}},
  location = {{Cambridge}},
  isbn = {978-1-108-47322-4},
  langid = {english}
}

@misc{ref:speed_of_sound,
  title = {Speed of Sound},
  author = {Wikipedia},
  date = {2021-08-30},
  url = {https://en.wikipedia.org/w/index.php?title=Speed_of_sound&oldid=1041405191#Equations}
}

@book{ref:tft_basics,
  title = {Basics of Thermal Field Theory: A Tutorial on Perturbative Computations},
  shorttitle = {Basics of Thermal Field Theory},
  author = {Laine, Mikko},
  date = {2016},
  publisher = {{Springer Berlin Heidelberg}},
  location = {{New York, NY}},
  isbn = {978-3-319-31932-2}
}

@misc{ref:tft_random_note_1,
  title = {Lecture Notes for {{Thermal}} Field Theory},
  author = {Schmitt, Andreas},
  date = {2013/2014},
  url = {http://hep.itp.tuwien.ac.at/~aschmitt/thermal13.pdf},
  urldate = {2021-07-10}
}

@book{ref:tolman,
  title = {Relativity, {{Thermodynamics}} and {{Cosmology}}},
  author = {Tolman, R. C.},
  date = {1934},
  publisher = {{Oxford: Clarendon Press}},
  url = {https://lccn.loc.gov/34032023}
}

@article{ref:tov,
  title = {On {{Massive Neutron Cores}}},
  author = {Oppenheimer, J. R. and Volkoff, G. M.},
  date = {1939-02-15},
  journaltitle = {Physical Review},
  shortjournal = {Phys. Rev.},
  volume = {55},
  number = {4},
  pages = {374--381},
  issn = {0031-899X},
  doi = {10.1103/PhysRev.55.374},
  url = {https://link.aps.org/doi/10.1103/PhysRev.55.374},
  urldate = {2021-08-24},
  langid = {english}
}


